% Encoding: UTF-8

@Electronic{ffmpeg,
  title    = {OpenCV - An Open Source Computer Vision Library},
  url      = {https://opencv.org},
  keywords = {0},
}

@Electronic{opencv,
  title    = {FFMPEG Library},
  url      = {http://www.ffmpeg.org/},
  keywords = {0},
}

@Electronic{pytorch,
  title    = {PyTorch Library},
  url      = {https://pytorch.org},
  keywords = {0},
}

@Electronic{qt,
  title    = {QT Library},
  url      = {http://www.qt.io/},
  keywords = {0},
}

@Electronic{vlcqt,
  title    = {VLC Library},
  url      = {http://www.videolan.org/vlc/libvlc.html},
  keywords = {0},
}

@Electronic{vlc,
  title    = {VLC-QT Library},
  url      = {http://vlc-qt.tano.si/},
  keywords = {0},
}

@Electronic{zbar,
  title    = {ZBar Library},
  url      = {http://zbar.sourceforge.net/},
  keywords = {0},
}

@Electronic{libiconv,
  title    = {Libiconv Library},
  url      = {https://www.gnu.org/software/libiconv/},
  keywords = {0},
}

@Electronic{xlsx,
  title    = {XLSX Writer Library},
  url      = {https://github.com/jmcnamara/libxlsxwriter},
  keywords = {0},
}

@Electronic{icu,
  title    = {The Mesa 3D Graphics library},
  url      = {http://www.mesa3d.org/egl.html},
  keywords = {0},
}

@Electronic{mesa,
  title    = {ICU - International Components for Unicode},
  url      = {http://www.unicode.org/copyright.html},
  keywords = {0},
}

@Electronic{vs19,
  title    = {Microsoft Visual Studio 2019 Community Edition},
  url      = {https://www.visualstudio.com/},
  keywords = {0},
}

@Electronic{momentum,
  title    = {Momenutm Design Lab},
  url      = {http://momentumdesignlab.com/},
  keywords = {0},
}

@Electronic{yummy,
  title    = {ASP.Net Icons},
  url      = {http://aspneticons.com/},
  keywords = {0},
}

@Electronic{asp,
  title    = {Yummygum Icons},
  url      = {https://yummygum.com},
  keywords = {0},
}

@Comment{jabref-meta: databaseType:bibtex;}
